% овде наводити bibtex референце
% bibtex уносе не морате сами писати већ их можете скинути за публикацију од интереса
% Нпр. бибтекс за неку публикацију можете добити претрагом google scholar сервиса (клик на инокницу наводника испод испод публикације отвара прозор одакле можете скинути
% бибтекс референцу). Такође, постоји и google scholar plugin који вам може олакшати претрагу.
% Можете користити и менаџере референци попут Zotero-a i Mendeley-a (такође имају plugin-e за претраживаче).
% Осим тога, аутори публикација некада своје начине своје публикације доступним на arXiv-у и сличним сервисима за публиковање радова одакле такође можете скинути
% бибтекс уносе за публикације.

@misc{bibtex,
  title = {Help on {BibTeX} Entry Types},
  howpublished = {\url{http://nwalsh.com/tex/texhelp/bibtx-7.html}},
  note = {Accessed: 2015-03-12}
}

@article{kamran2101rv,
  title={RV-GAN: Retinal Vessel Segmentation from Fundus Images using Multi-scale Generative Adversarial Networks},
  author={Kamran, Sharif Amit and Hossain, Khondker Fariha and Tavakkoli, Alireza and Zuckerbrod, Stewart Lee and Sanders, Kenton M and Baker, Salah A},
  journal={arXiv preprint arXiv:2101.00535}
}

@misc{yatsura2021metalearning,
      title={Meta-Learning the Search Distribution of Black-Box Random Search Based Adversarial Attacks}, 
      author={Maksym Yatsura and Jan Hendrik Metzen and Matthias Hein},
      year={2021},
      eprint={2111.01714},
      archivePrefix={arXiv},
      primaryClass={cs.LG}
}

@misc{repository,
  title = {Github репозиторијум са изворним кодом},
  howpublished = {\url{https://github.com/stojanovic00/rust-go-server-comp}},
  note = {Последњи приступ: December 22, 2023},
  year = {2023}
}

@misc{mozillaResearch,
  title = {Mozilla research},
  howpublished = {\url{https://research.mozilla.org/}},
  note = {Последњи приступ: 22.12.2023},
  year = {2023}
}

@misc{jmeter,
  title = {Apache JMeter},
  howpublished = {\url{https://jmeter.apache.org/}},
  note = {Последњи приступ: 22.12.2023},
  year = {2023}
}

@misc{ab,
  title = {Apache Benchmark},
  howpublished = {\url{https://httpd.apache.org/docs/2.4/programs/ab.html}},
  note = {Последњи приступ: 23.12.2023},
  year = {2023}
}

@misc{pidstat,
  title = {pidstat},
  howpublished = {\url{https://man7.org/linux/man-pages/man1/pidstat.1.html}},
  note = {Последњи приступ: 23.12.2023},
  year = {2023}
}